@inproceedings{herlihy2006provably,
  title={A provably correct scalable concurrent skip list},
  author={Herlihy, Maurice and Lev, Yossi and Luchangco, Victor and Shavit, Nir},
  booktitle={Conference On Principles of Distributed Systems (OPODIS). Citeseer},
  pages={103},
  year={2006},
  organization={Citeseer}
}

@techreport{fraser2004practical,
  title={Practical lock-freedom},
  author={Fraser, Keir},
  year={2004},
  institution={University of Cambridge, Computer Laboratory}
}

 @misc{wikipedia_2022_Skip, title={Skip list}, url={https://en.wikipedia.org/wiki/Skip_list}, journal={Wikipedia}, publisher={Wikimedia Foundation}, year={2022}, month={Mar}} 
 
  @misc{wikipedia_2022_Zipf, title={Zipf's Law}, url={https://en.wikipedia.org/wiki/Zipf%27s_law}, journal={Wikipedia}, publisher={Wikimedia Foundation}, year={2022}, month={Apr}} 
  
  @article{aksenov2020splay,
  title={The splay-list: A distribution-adaptive concurrent skip-list},
  author={Aksenov, Vitaly and Alistarh, Dan and Drozdova, Alexandra and Mohtashami, Amirkeivan},
  journal={arXiv preprint arXiv:2008.01009},
  year={2020}
}